@misc{quoraWebsite,
  title = {{Quora | A place to share knowledge and better understand the world, Official Website}},
  howpublished = {\url{https://quora.com}},
  note = {Accessed: 2018-03-13}
}

@misc{stackExchangeWebsite,
  title = {{StackExchange | Hot Questions, Official Website}},
  howpublished = {\url{https://stackexchange.com}},
  note = {Accessed: 2018-03-13}
}

@misc{udemyWebsite,
  title = {{Udemyâ„¢ : Online Courses | Learn On-Demand On Any Device, Official Website}},
  howpublished = {\url{https://udemy.com}},
  note = {Accessed: 2018-03-13}
}


@misc{courseraWebsite,
  title = {{Coursera | Online Courses From Top Universities, Official Website}},
  howpublished = {\url{https://coursera.org}},
  note = {Accessed: 2018-03-13}
}

@misc{ectsWiki,
  title = {{European Credit Transfer and Accumulation System, Wikipedia}},
  howpublished = {\url{https://en.wikipedia.org/wiki/European_Credit_Transfer_and_Accumulation_System}},
  note = {Accessed: 2018-03-13}
}
